
@book{wills_metrics_2019,
	title = {Metrics for Graph Comparison: A Practitioner's Guide},
	author = {Wills, Peter and Meyer, Francois G.},
	date = {2019},
	note = {\_eprint: 1904.07414}
}